%%%%%%%%%%%%%%%%%%%%%%%%%%%%%%%%%%%%%%%%%%%%%%%%%%%%%%%%%%%%%%%%%%%%%%%%%%%
%%		BOOK
%%%%%%%%%%%%%%%%%%%%%%%%%%%%%%%%%%%%%%%%%%%%%%%%%%%%%%%%%%%%%%%%%%%%%%%%%%%
@book{rosLearning,
	title			= {Learning ROS for Robotics Programming},
	author			= {Aaron Martinez and Enrique Fernández},
	Edition 		= {1},
	year			= {2013},
	publisher		= {Packt Publishing}
}

@book{dspFPGA,
	title			= {Digital Signal Processing with Field Programmable Gate Arrays},
	author			= {U. Myer-Baese},
	address			= {Nova York},
	Edition 		= {4},
	year			= {2014},
	publisher		= {Springer}
}

@book{rosPYO,
	title			= {ROS Robot Programming},
	author			= {Yoonseok Pyo and Hancheol Cho and Leon Jung and Darby Lim},
	address			= {Nova York},
	year			= {2017},
	publisher		= {ROBOTIS}
}

@book{rosEfetiveProgram,
	title			= {Effective Robotics Programming with ROS},
	author			= {Anil Mahtani and Luis Sánchez and Enrique Fernández and Aaron Martinez},
	address 		= {Birmingham},
	Edition 		= {3},
	year			= {2016},
	publisher		= {Packt Publishing Ltd}
}

@book{rosMastering,
	title			= {Mastering ROS for Robotics Programming},
	author			= {Lentin Joseph},
	address 		= {Birmingham},
	Edition 		= {1},
	year			= {2015},
	publisher		= {Packt Publishing Ltd}
}

%%%%%%%%%%%%%%%%%%%%%%%%%%%%%%%%%%%%%%%%%%%%%%%%%%%%%%%%%%%%%%%%%%%%%%%%%%%
%%		OUTROS/INTERNET
%%%%%%%%%%%%%%%%%%%%%%%%%%%%%%%%%%%%%%%%%%%%%%%%%%%%%%%%%%%%%%%%%%%%%%%%%%%
@Misc{Ros,
	author 			= {ROS},
	title 			= {ROS - Robot Operating System},
	howpublished	= {Open Source Robotics Fundation},
	url				= {https://www.ros.org/},
	urlaccessdate	= {22 outubro 2021},
	year 			= {2011}
}

@Misc{RosHeader,
	author 			= {ROS},
	title 			= {ROS/Connection Header},
	howpublished	= {Open Source Robotics Fundation},
	url				= {http://wiki.ros.org/ROS/Connection%20Header},
	urlaccessdate	= {22 outubro 2019},
	year 			= {2011}
}

@Misc{RosMaster,
	author 			= {ROS},
	title 			= {Master},
	howpublished	= {Open Source Robotics Fundation},
	url				= {http://wiki.ros.org/Master},
	urlaccessdate	= {22 outubro 2019},
	year 			= {2018}
}

@Misc{RosTCP,
	author 			= {ROS},
	title 			= {TCPROS},
	howpublished	= {Open Source Robotics Fundation},
	url				= {http://wiki.ros.org/ROS/TCPROS},
	urlaccessdate	= {22 outubro 2019},
	year 			= {2013}
}

@Misc{RosPKG,
	author 			= {ROS},
	title 			= {Pckages},
	howpublished	= {Open Source Robotics Fundation},
	url				= {http://wiki.ros.org/Packages},
	urlaccessdate	= {20 julho 2021},
	year 			= {2019}
}

@Misc{RosIntro,
	author 			= {ROS},
	title 			= {Introduction},
	howpublished	= {Open Source Robotics Fundation},
	url				= {http://wiki.ros.org/ROS/Introduction},
	urlaccessdate	= {20 julho 2021},
	year 			= {2018}
}

@Misc{FreeRTOS_history,
	author 			= {FreeRTOS},
	title 			= {History},
	howpublished	= {Amazon Web Services, Inc},
	url				= {https://www.freertos.org/RTOS.html},
	urlaccessdate	= {25 outubro 2019},
	year 			= {2019}
}

@Misc{RosSeria,
	author 			= {Michael Ferguson},
	title 			= {Rosserial},
	howpublished	= {rosserial},
	url				= {http://wiki.ros.org/rosserial},
	urlaccessdate	= {20 julho 2021},
	year 			= {2018}
}

@Misc{RosPkgXml,
	author 			= {ROS},
	title 			= {catkin/package.xml},
	url				= {http://wiki.ros.org/catkin/package.xml},
	urlaccessdate	= {21 setembro 2021},
	year 			= {2019}
}

@Misc{SocLinux,
	author 			= {RocketBoards.org},
	title 			= {Embedded Linux Beginners Guide},
	url				= {https://rocketboards.org/foswiki/Documentation/
	EmbeddedLinuxBeginnerSGuide},
	urlaccessdate	= {5 outubro 2021},
	year 			= {2015}
}


%%%%%%%%%%%%%%%%%%%%%%%%%%%%%%%%%%%%%%%%%%%%%%%%%%%%%%%%%%%%%%%%%%%%%%%%%%%
%%		ARTIGOS
%%%%%%%%%%%%%%%%%%%%%%%%%%%%%%%%%%%%%%%%%%%%%%%%%%%%%%%%%%%%%%%%%%%%%%%%%%%
@article{fpgarobotics,
	Author 			= {Kazushi Yamashina and Takesshi Ohkawa and Kanemitsu Ootsu and Takashi Yokota},
	Journal 		= {2nd International Workshop on FPGAs for Software Programmers (FSP 2015)},
	Pages 			= {62-67},
	Title 			= {Proposal of ros-compliant fpga component for low-power robotic systems: case study on image processing application},
	url				= {https://arxiv.org/pdf/1508.07123.pdf},
	Year 			= {2015}
}

%%%%%%%%%%%%%%%%%%%%%%%%%%%%%%%%%%%%%%%%%%%%%%%%%%%%%%%%%%%%%%%%%%%%%%%%%%%
%%		DOCUMENTOS TÉCNICOS E MANUAIS
%%%%%%%%%%%%%%%%%%%%%%%%%%%%%%%%%%%%%%%%%%%%%%%%%%%%%%%%%%%%%%%%%%%%%%%%%%%
@manual{SocDeviceOver,
  title         = {Cyclone V Device  Overview},
  author        = {Intel}, 
  organization  = {Intel},
  month         = {5},
  year          = {2018},
  url		    = {https://www.intel.com/content/dam/www/ programmable/us/en/pdfs/literature/hb/cyclone-v/cv\underline{\hspace{.047in}}51001.pdf},
  urlaccessdate	= {20 julho 2021},
  note          = {cv-510001}
}

@manual{DE10nano,
  title         = {DE10-Nano User Manual},
  author        = {Terasic}, 
  organization  = {Terasic Inc},
  month         = {1},
  year          = {2020},
  Edition 		= {2.2},
  note          = {rev. B2/C Hardware}
}

@manual{manmem,
  title         = {Linux Programmer's Manual - mem, kmem, port - system memory, kernel memory and system ports},
  author        = {Michael Kerrisk},
  organization  = {The Linux man-pages project}, 
  month         = {8},
  year          = {2021},
  url		    = {https://man7.org/linux/man-pages/man4/mem.4.html},
  urlaccessdate	= {20 julho 2022}
}

@manual{manmmap,
  title         = {Linux Programmer's Manual - mmap, munmap - map or unmap files or devices into memory},
  author        = {Michael Kerrisk},
  organization  = {The Linux man-pages project}, 
  month         = {8},
  year          = {2021},
  url		    = {https://man7.org/linux/man-pages/man2/mmap.2.html},
  urlaccessdate	= {20 julho 2022}
}



%%%%%%%%%%%%%%%%%%%%%%%%%%%%%%%%%%%%%%%%%%%%%%%%%%%%%%%%%%%%%%%%%%%%%%%%%%
%%		REPOSITÓRIOS
%%%%%%%%%%%%%%%%%%%%%%%%%%%%%%%%%%%%%%%%%%%%%%%%%%%%%%%%%%%%%%%%%%%%%%%%%%
@Misc{Pereira-Neto-Biblioteca,
	author	= {Pereira Neto, Nestor},
	month   = {12},
	title   = {{Biblioteca projeto interfacesocket}},
	version = {0.1},
	url		= {https://github.com/NestorDP/libinterfacesocket},
	year    = {2021}
}

@Misc{interface-socket-server,
	author 	= {Pereira Neto, Nestor},
	month 	= {12},
	title 	= {interface\underline{\hspace{.047in}}socket\underline{\hspace{.047in}}server},
	url 	= {https://github.com/NestorDP/interface_socket_server},
	version = {0.1},
	year 	= {2021}
}

@Misc{interface-socket,
	author 	= {Pereira Neto, Nestor},
	month 	= {12},
	title 	= {interface\underline{\hspace{.047in}}socketr},
	url 	= {https://github.com/NestorDP/interface_socket},
	version = {0.1},
	year 	= {2021}
}

@Misc{rsyocto,
	author 	= {Sebastian Robin},
	month 	= {02},
	title 	= {rsyocto},
	url 	= {https://github.com/robseb/rsyocto},
	version = {1,042},
	year 	= {2022}
}

@Misc{linuxsocfpga,
	author 	= {Altera-opensource},
	month 	= {02},
	title 	= {linux-socfpga},
	url 	= {https://github.com/altera-opensource/linux-socfpga},
	version = {5.15.30-lts},
	year 	= {2022}
}
